@article{mess,
  title={Metaheuristic techniques for the capacitated facility location problem with customer incompatibilities},
  author={Maia, Marcelo RH and Reula, Miguel and Parre{\~n}o-Torres, Consuelo and Vuppuluri, Prem Prakash and Plastino, Alexandre and Souza, U{\'e}verton S and Ceschia, Sara and Pavone, Mario and Schaerf, Andrea},
  journal={Soft Computing},
  pages={1--14},
  year={2022},
  publisher={Springer}	
}

@article{beasley,
	title={O{R}-Library: distributing test problems by electronic mail},
	author={Beasley, John E},
	journal={Journal of the Operational Research Society},
	volume={41},
	number={11},
	pages={1069--1072},
	year={1990},
	publisher={Taylor \& Francis}
}



@misc{sobolev,
	author	= {{Sobolev Institute of Mathematics}},
	title   = {Discrete Location Problems: Benchmark library},
	year    = {2021}	
	howpublished={\url{http://old.math.nsc.ru/AP/benchmarks/english.html}},
	note={Accessed: 2023-05-18}
}

@book{arenales,
	title={Pesquisa operacional},
	author={Arenales, Marcos Nereu and Armentano, Vin{\'\i}cius Amaral and Morabito Neto, Reinaldo and Yanasse, Horacio Hideki},
	year={2011},
	place={Rio de Janeiro},
	publisher={Elsevier}
}

@misc{Python,
	author={{Python Software Foundation}},
	title={Python 3.10.11 documentation},
	year={2023},
	howpublished={\url{https://docs.python.org/3.10/}},
	note={Accessed: 2023-05-18}
}

@misc{PuLP,
	author={Roy, J.S. and Mitchell, S.A. and Peschiera, F.},
	title={{PuLP} 2.7.0},
	year={2022},
	howpublished={\url{https://pypi.org/project/PuLP/}},
	note={Accessed: 2023-05-18}
}

@misc{orloge,
	author={Peschiera, Franco},
	title={pchtsp/orloge: log parser for MIP and LP solvers},
	year={2021},
	howpublished={\url{https://github.com/pchtsp/orloge}},
	note={Accessed: 2023-05-18}
}

@misc{SCIP,
	author={{Zuse Institute Berlin}},
	title={{SCIP}: Solving Constraint Integer Programs},
	year={2023},
	howpublished={\url{https://www.scipopt.org/doc/html/}},
	note={Accessed: 2023-05-18}
}

@misc{Cbc,
	author={Forrest, John and Lougee-Heimer, Robin },
	title={CBC User Guide},
	year={2005},
	howpublished={\url{https://www.coin-or.org/Cbc/}},
	note={Accessed: 2023-05-18}
}

@misc{CPLEX,
	author={IBM},
	title={{IBM CPLEX} Optimizer},
	howpublished={\url{https://www.ibm.com/br-pt/analytics/cplex-optimizer}},
	note={Accessed: 2023-05-18}
}

@misc{Gurobi,
	author={{Gurobi Optimization}},
	title={Documentation},
	howpublished={\url{https://www.gurobi.com/documentation/}},
	note={Accessed: 2023-05-18}
}