@article{Maia,
	author	= {MAIA, Marcelo R H and REULA, Miguel and PARRE{\~N}O-TORRES, Consuelo and VUPPULURI, Prem Prakash and PLASTINO, Alexandre and SOUZA, UÃ©verton S and CESCHIA, Sara and PAVONE, Mario and SCHAERF, Andrea},
	year	= {2022},
	title	= {Metaheuristic techniques for the capacitated facility location problem with customer incompatibilities},
	journal	= {Soft Computing},
	pages	= {1--14}	
}

@article{Beasley,
    title={O{R}-Library: distributing test problems by electronic mail},
    author={BEASLEY, John E},
    journal={Journal of the Operational Research Society},
    volume={41},
    number={11},
    pages={1069--1072},
    year={1990},
    publisher={Taylor \& Francis}
}



@misc{Sobolev,
	author	= {Sobolev, Institute of Mathematics},
    title   = {Discrete Location Problems: Benchmark library},
    year    = {2021}
    
}

@book{Arenales,
	author	= {ARENALES, Marcos and ARMENTANO, Vin{\'\i}cius Amaral and MORABITO, Reinaldo and YANASSE, Horacio Hideki},
	year	= {2007},
	title	= {Pesquisa Operacional},
	address	= {Rio de Janeiro},
	publisher	= {Elsevier}
}

@article{Klose,
	title	= {Facility location models for distribution system design},
	author	= {KLOSE, Andreas and DREXL, Andreas},
	journal	= {European Journal of Operational Research},
	volume	= {162},
	number	= {1},
	pages	= {4--29},
	year	= {2005}
}

@article{Krarup,
	title = {The simple plant location problem: Survey and synthesis},
	journal = {European Journal of Operational Research},
	volume = {12},
	number = {1},
	pages = {36--81},
	year = {1983},
	author = {KRARUP, Jakob and PRUZAN, Peter Mark}
}

@incollection{Labbe,
	author	= {LABB{\'E}, Martine and PEETERS, Dominique and THISSE, Jacques-Fran{\c{c}}ois},
	title	= {Location on Networks},
	series	= {Handbooks in Operations Research and Management Science},
	publisher	= {Elsevier},
	volume	= {8},
	pages	= {551--624},
	year	= {1995},
	booktitle	= {Network Routing},
	issn	= {0927-0507}
}
